<record><leader>00000cas a22000007a 4500</leader><controlfield tag="001">13400405</controlfield><controlfield tag="008">860407d18931894wiuwr ne      0    0eng d</controlfield><datafield ind1=" " ind2=" " tag="010"><subfield code="a">sn 86086433 </subfield></datafield><datafield ind1=" " ind2=" " tag="040"><subfield code="a">NPV</subfield><subfield code="b">eng</subfield><subfield code="c">NPV</subfield><subfield code="d">OCLCQ</subfield></datafield><datafield ind1=" " ind2=" " tag="042"><subfield code="a">msc</subfield></datafield><datafield ind1=" " ind2=" " tag="045"><subfield code="a">w9w9</subfield></datafield><datafield ind1=" " ind2=" " tag="052"><subfield code="a">4123</subfield><subfield code="b">B3</subfield></datafield><datafield ind1="0" ind2=" " tag="130"><subfield code="a">Rice Lake chronotype (Rice Lake, Wis. : 1893)</subfield></datafield><datafield ind1="1" ind2="4" tag="245"><subfield code="a">The Rice Lake chronotype.</subfield></datafield><datafield ind1=" " ind2=" " tag="260"><subfield code="a">Rice Lake, Barron County, Wis. :</subfield><subfield code="b">P.H. &amp; W.L. Swift,</subfield><subfield code="c">1893-</subfield></datafield><datafield ind1=" " ind2=" " tag="300"><subfield code="a">v.</subfield></datafield><datafield ind1=" " ind2=" " tag="310"><subfield code="a">Weekly</subfield></datafield><datafield ind1="0" ind2=" " tag="362"><subfield code="a">Vol. 19, no. 31 (Feb. 9, 1893)-</subfield></datafield><datafield ind1="1" ind2=" " tag="362"><subfield code="a">Ceased in 1894.</subfield></datafield><datafield ind1=" " ind2=" " tag="530"><subfield code="a">Available on microfilm from The State Historical Society of Wisconsin.</subfield></datafield><datafield ind1=" " ind2=" " tag="752"><subfield code="a">United States</subfield><subfield code="b">Wisconsin</subfield><subfield code="c">Barron</subfield><subfield code="d">Rice Lake.</subfield></datafield><datafield ind1="0" ind2="0" tag="780"><subfield code="t">Chronotype (Rice Lake, Wis. : 1890)</subfield><subfield code="w">(DLC)sn 86086432</subfield></datafield><datafield ind1="0" ind2="0" tag="785"><subfield code="t">Chronotype (Rice Lake, Wis. : 1895)</subfield><subfield code="w">(DLC)sn 86086434</subfield></datafield></record>